%% This BibTeX bibliography file was created using BibDesk.
%% http://bibdesk.sourceforge.net/


%% Created for Ian Murray at 2012-07-10 10:37:52 -0400 


%% Saved with string encoding Unicode (UTF-8) 



@electronic{cappuccino,
	Author = {{Cappuccino Project}},
	Title = {Cappuccino Framework},
	Url = {http://www.cappuccino-project.org/},
	Urldate = {2012-07-09}}

@electronic{projects-backbone,
	Author = {Backbone},
	Title = {Projects and Companies using Backbone},
	Url = {https://github.com/documentcloud/backbone/wiki/Projects-and-Companies-using-Backbone},
	Urldate = {2012-07-09}}

@electronic{backbone,
	Author = {DocumentCloud},
	Title = {Backbone},
	Url = {http://backbonejs.org},
	Urldate = {2012-07-09}}

@electronic{xcode,
	Author = {Apple Inc.},
	Title = {Xcode},
	Url = {https://developer.apple.com/xcode/},
	Urldate = {2012-07-09}}

@electronic{extjs,
	Author = {Sencha Inc.},
	Title = {Ext JS},
	Url = {http://www.sencha.com/products/extjs/},
	Urldate = {2012-07-09}}

@electronic{ext-releases,
	Author = {Sencha Inc.},
	Title = {Ext JS Releases},
	Url = {http://www.sencha.com/products/releases/},
	Urldate = {2012-07-09}}

@electronic{buy-ext,
	Author = {Sencha Inc.},
	Title = {Buy Ext JS 4 Licenses and Support},
	Url = {http://www.sencha.com/store/extjs/},
	Urldate = {2012-07-09}}

@electronic{sencha-architect,
	Author = {Sencha Inc.},
	Title = {Sencha Architect},
	Url = {http://www.sencha.com/products/architect/},
	Urldate = {2012-07-09}}

@electronic{buy-sencha-architect,
	Author = {Sencha Inc.},
	Title = {Buy Sencha Architect},
	Url = {http://www.sencha.com/store/architect/},
	Urldate = {2012-07-09}}

@electronic{divshot,
	Author = {Divshot},
	Title = {Divshot},
	Url = {http://www.divshot.com},
	Urldate = {2012-07-09}}

@electronic{bootstrap,
	Author = {Twitter},
	Title = {Twitter Bootstrap},
	Url = {http://getbootstrap.com},
	Urldate = {2012-07-09}}

@electronic{html,
	Author = {Ian Hickson (editor)},
	Title = {HTML5 Specification},
	Url = {http://www.w3.org/TR/2011/WD-html5-20110525/},
	Urldate = {2012-07-09}}

@electronic{exo-ide,
	Author = {eXo Platform SAS},
	Title = {eXo Cloud IDE},
	Url = {http://cloud-ide.com},
	Urldate = {2012-07-09}}

@electronic{git,
	Author = {{Git Project}},
	Title = {Git},
	Url = {http://git-scm.com},
	Urldate = {2012-07-09}}

@electronic{wavemaker,
	Author = {VMware Inc.},
	Title = {Wavemaker},
	Url = {http://wavemaker.com},
	Urldate = {2012-07-09}}

@electronic{zoho-creator,
	Author = {Zoho Corp.},
	Title = {Zoho Creator},
	Url = {http://www.zoho.com/creator/},
	Urldate = {2012-07-09}}

@electronic{mvp,
	Author = {Mike Potel},
	Title = {MVP: Model-View-Presenter. The Taligent Programming Model for C++ and Java},
	Url = {http://www.wildcrest.com/Potel/Portfolio/mvp.pdf},
	Urldate = {2012-07-09}}

@electronic{mvc,
	Author = {Steve Burbeck},
	Title = {Applications Programming in Smalltalk-80(TM): How to use Model-View-Controller (MVC)},
	Url = {http://st-www.cs.illinois.edu/users/smarch/st-docs/mvc.html},
	Urldate = {2012-07-09}}
	